{
  "base_price": 0.20042,
  "grid_spacing": 0.010191033794505163,
  "total_profit": 472.4778745409209,
  "trades_count": 17,
  "current_position": 1625.0,
  "funding_fees": 0.0,
  "filled_orders": [
    {
      "order_id": "95c34aae-324b-44f7-be00-23a14ebc75a0",
      "side": "sell",
      "price": 0.20217788489953115,
      "size": 346.22975720012755,
      "level": 1,
      "type": "grid",
      "timestamp": "2025-07-13 15:04:42.285322"
    },
    {
      "order_id": "bcd6a20a-7a8c-4d07-b19f-29b035cb9fae",
      "side": "buy",
      "price": 0.20047805648239905,
      "size": 349.16539609483715,
      "level": 1,
      "type": "grid",
      "timestamp": "2025-07-13 16:30:48.980292"
    },
    {
      "order_id": "6d0356cf-94eb-4186-bd2d-335b19401d1d",
      "side": "buy",
      "price": 0.19982365129353274,
      "size": 350.30888259154506,
      "level": 1,
      "type": "replacement",
      "timestamp": "2025-07-13 16:31:24.462187"
    },
    {
      "order_id": "265be6d7-3bcf-4b1c-b62a-2bd727ec7ae9",
      "side": "buy",
      "price": 0.20019165934118668,
      "size": 349.66491726160774,
      "level": 1,
      "type": "grid",
      "timestamp": "2025-07-13 17:09:02.140139"
    },
    {
      "order_id": "68c39de2-0f42-4099-aa5d-5f7fdcdfa259",
      "side": "buy",
      "price": 0.19775171796011626,
      "size": 353.97922567791807,
      "level": 1,
      "type": "grid",
      "timestamp": "2025-07-13 17:46:12.977404"
    },
    {
      "order_id": "22bd0c51-1b8b-44e5-ad2e-925ae3964a2c",
      "side": "sell",
      "price": 0.20053042207147068,
      "size": 329.1271185599812,
      "level": 1,
      "type": "grid",
      "timestamp": "2025-07-13 19:18:20.804761"
    },
    {
      "order_id": "4e9f1067-e0ff-4d8a-adf7-e8d1daaeb055",
      "side": "sell",
      "price": 0.20246248699309474,
      "size": 325.98631470061423,
      "level": 1,
      "type": "grid",
      "timestamp": "2025-07-13 20:06:33.615368"
    },
    {
      "order_id": "c5c7582b-8100-40d3-83eb-8f232dac6a2d",
      "side": "buy",
      "price": 0.20039918494602857,
      "size": 329.3426568465091,
      "level": 1,
      "type": "replacement",
      "reduce_only": false,
      "timestamp": "2025-07-13 21:26:11.010283"
    },
    {
      "order_id": "ccac6e43-b853-4ca4-9ab7-4e48072f4363",
      "side": "buy",
      "price": 0.19837751300690526,
      "size": 332.6989989924041,
      "level": 1,
      "type": "grid",
      "timestamp": "2025-07-13 20:06:33.315557"
    },
    {
      "order_id": "44ae53c9-8a23-4786-8236-713ed154fdfb",
      "side": "buy",
      "price": 0.19633502601381053,
      "size": 336.16008992382973,
      "level": 2,
      "type": "grid",
      "timestamp": "2025-07-13 20:06:33.919154"
    },
    {
      "order_id": "86ca1ef9-526a-4c0d-8f76-03982431e083",
      "side": "sell",
      "price": 0.20450497398618944,
      "size": 322.73053663945154,
      "level": 2,
      "type": "grid",
      "timestamp": "2025-07-13 20:06:34.227654"
    },
    {
      "order_id": "ea2a1853-460b-4711-beaa-6b203b4c6d98",
      "side": "sell",
      "price": 0.20654746097928417,
      "size": 319.5391494384892,
      "level": 3,
      "type": "grid",
      "timestamp": "2025-07-13 20:06:34.843836"
    },
    {
      "order_id": "0d262487-a652-47a2-9b30-0891342eef8b",
      "side": "sell",
      "price": 0.20858994797237887,
      "size": 316.4102615756902,
      "level": 4,
      "type": "grid",
      "timestamp": "2025-07-13 20:06:35.448483"
    },
    {
      "order_id": "1ce1eafe-5dee-4160-b81f-5520a59c2c29",
      "side": "sell",
      "price": 0.21063243496547362,
      "size": 313.34205489680903,
      "level": 5,
      "type": "grid",
      "timestamp": "2025-07-13 20:06:36.051158"
    },
    {
      "order_id": "5e339292-8310-4484-a0d8-41f0130c45de",
      "side": "buy",
      "price": 0.20848587270252159,
      "size": 316.5682122460749,
      "level": 5,
      "type": "replacement",
      "reduce_only": false,
      "timestamp": "2025-07-14 07:30:19.179928"
    },
    {
      "order_id": "e9b48395-ebf3-4e1f-8d36-35cc1b6b78a7",
      "side": "buy",
      "price": 0.20646420076339828,
      "size": 319.66800905903295,
      "level": 4,
      "type": "replacement",
      "reduce_only": false,
      "timestamp": "2025-07-14 07:04:34.070316"
    },
    {
      "order_id": "edecbcb1-2aec-4097-83d9-2d27ca4e8652",
      "side": "buy",
      "price": 0.20444252882427505,
      "size": 322.8291118269679,
      "level": 3,
      "type": "replacement",
      "reduce_only": false,
      "timestamp": "2025-07-14 06:47:10.491197"
    }
  ],
  "start_time": "2025-07-12T23:04:10.018590",
  "leverage": 40
}